<record><leader>00000cas a22000007a 4500</leader><controlfield tag="001">8786817</controlfield><controlfield tag="008">820918c19269999wiudn ne      0   a0eng d</controlfield><datafield ind1=" " ind2=" " tag="010"><subfield code="a">sn 84025020 </subfield></datafield><datafield ind1=" " ind2=" " tag="040"><subfield code="a">GZF</subfield><subfield code="b">eng</subfield><subfield code="c">GZF</subfield><subfield code="d">NPV</subfield><subfield code="d">NSD</subfield><subfield code="d">OCLCQ</subfield></datafield><datafield ind1=" " ind2=" " tag="012"><subfield code="l">1</subfield></datafield><datafield ind1="1" ind2=" " tag="022"><subfield code="a">8756-2960</subfield><subfield code="l">8756-2960</subfield><subfield code="2">1</subfield></datafield><datafield ind1="1" ind2=" " tag="029"><subfield code="a">AU@</subfield><subfield code="b">000025835113</subfield></datafield><datafield ind1=" " ind2=" " tag="032"><subfield code="a">106080</subfield><subfield code="b">USPS</subfield></datafield><datafield ind1=" " ind2=" " tag="037"><subfield code="b">Chippewa Herald Telegram, P.O. Box 69, Chippewa Falls, WI 54729</subfield></datafield><datafield ind1=" " ind2=" " tag="042"><subfield code="a">msc</subfield><subfield code="a">nsdp</subfield></datafield><datafield ind1=" " ind2=" " tag="043"><subfield code="a">n-us-wi</subfield></datafield><datafield ind1=" " ind2=" " tag="045"><subfield code="a">x-</subfield></datafield><datafield ind1=" " ind2=" " tag="052"><subfield code="a">4123</subfield><subfield code="b">C4</subfield></datafield><datafield ind1=" " ind2="0" tag="222"><subfield code="a">Chippewa herald telegram</subfield></datafield><datafield ind1="0" ind2="0" tag="245"><subfield code="a">Chippewa herald-telegram.</subfield></datafield><datafield ind1="0" ind2="0" tag="246"><subfield code="a">Chippewa herald telegram</subfield></datafield><datafield ind1=" " ind2=" " tag="260"><subfield code="a">Chippewa Falls, Wis. :</subfield><subfield code="b">Herald-Telegram Pub. Co.,</subfield><subfield code="c">1926-</subfield></datafield><datafield ind1=" " ind2=" " tag="300"><subfield code="a">v. :</subfield><subfield code="b">ill. (chiefly advertisements)</subfield></datafield><datafield ind1=" " ind2=" " tag="310"><subfield code="a">Daily (except Sunday and holidays)</subfield></datafield><datafield ind1="0" ind2=" " tag="362"><subfield code="a">38th year (Dec. 6, 1926)-</subfield></datafield><datafield ind1=" " ind2=" " tag="752"><subfield code="a">United States</subfield><subfield code="b">Wisconsin</subfield><subfield code="c">Chippewa</subfield><subfield code="d">Chippewa Falls.</subfield></datafield><datafield ind1="0" ind2="4" tag="780"><subfield code="t">Chippewa herald (1894)</subfield><subfield code="w">(DLC)sn 84025019</subfield></datafield><datafield ind1="0" ind2="4" tag="780"><subfield code="t">Chippewa telegram</subfield><subfield code="w">(DLC)sn 84025021</subfield></datafield><datafield ind1=" " ind2=" " tag="936"><subfield code="a">Unknown</subfield><subfield code="a">Dec. 5, 1984</subfield></datafield></record>